% Attention is all you need - Transformers
@ARTICLE{Vaswani:2017,
    author = {Vaswani, A. and Shazeer, N. and Parmar, N. and Uszkoreit, J. and Jones, L. and Gomez, A.~N. and Kaiser, L. and Polosukhin, I.},
    title = {Attention is all you need},
    year = {2017},
    doi = {10.48550/arXiv.1706.03762}
}

% ELMo
@ARTICLE{Peters:2018,
    author = {Peters, M.~E. and Neumann, M. and Iyyer, M. and Gardner, M. and Clark, C. and Lee, K. and Zettlemoyer, L.},
    title = {Deep contextualized word representations},
    year = {2018},
    doi = {10.48550/arXiv.1802.05365},
}

% BERT
@ARTICLE{Devlin:2018,
    author = {Devlin, J. and Chang, M.~W. and Lee, K. and Toutanova, K.},
    title = {Bert: Pre-training of deep bidirectional transformers for language understanding},
    year = {2018},
    doi = {10.48550/arXiv.1810.04805},
}

% ALBERT
@misc{Zhenzhong:2020,
      title={ALBERT: A Lite BERT for Self-supervised Learning of Language Representations}, 
      author={Zhenzhong Lan and Mingda Chen and Sebastian Goodman and Kevin Gimpel and Piyush Sharma and Radu Soricut},
      year={2020},
      eprint={1909.11942},
      archivePrefix={arXiv},
      primaryClass={cs.CL}
}

% RoBERTa
@ARTICLE{Liu:2019,
    author = {Liu, Y. and Ott, M. and Goyal, N. and Du, J. and Joshi, M. and Chen, D. and Levy, O. and Lewis, M. and Zettlemoyer, L. and Stoyanov, V.},
    title = {Roberta: A robustly optimized bert pretraining approach},
    year = {2019},
    doi = {10.48550/arXiv.1907.11692},
}

% XLNet
@ARTICLE{Yang:2022,
    author = {Yang, Z. and Dai, Z. and Yang, Y. and Carbonell, J. and Salakhutdinov, R.~R. and Le, Q.~V.},
    title = {XLNet: Generalized autoregressive pretraining for language understanding},
    journal = {Advances in neural information processing systems},
    year = {2019},
    doi = {10.48550/arXiv.1906.08237},
}

% T5
@ARTICLE{Raffel:2020,
    author = {Raffel, C. and Shazeer, N. and Roberts, A. and Lee, K. and Narang, S. and Matena, M. and Zhou, Y. and Li, W. and Liu, P.~J.},
    title = {Exploring the limits of transfer learning with a unified text-to-text transformer},
    year = {2020},
    doi = {10.48550/arXiv.1910.10683}
}

% ProtTrans
@ARTICLE{Elnaggar:2021,
    author={Elnaggar, A. and Heinzinger, M. and Dallago, C. and Rehawi, G. and Yu, W. and Jones, L. and Gibbs, T. and Feher, T. and Angerer, C. and Steinegger, M. and Bhowmik, D. and Rost, B.},
    title={ProtTrans: Towards Cracking the Language of Lifes Code Through Self-Supervised Deep Learning and High Performance Computing},
    journal={IEEE Transactions on Pattern Analysis and Machine Intelligence},
    year={2021},
    doi={10.1109/TPAMI.2021.3095381}
}

% BLOSUM
@ARTICLE{Henikoff:1992,
    author = {Henikoff, S. and Henikoff, J.~G.},
    title = {Amino acid substitution matrices from protein blocks},
    journal = {Proceedings of the National Academy of Sciences},
    year = {1992},
    doi = {10.1073/pnas.89.22.10915},
}

% ESM1b and ESM2
@article{Rives:2021,
    author={Rives, A. and Meier, J. and Sercu, T. and Goyal, S. and Lin, Z. and Liu, J. and Guo, D. and Ott, M. and Zitnick, C. L. and Ma, J. and Fergus, R.},
    title={Biological Structure and Function Emerge from Scaling Unsupervised Learning to 250 Million Protein Sequences},
    journal={PNAS},
    year={2019},
    doi={10.1101/622803},
}

% E-Score Manuscript
@ARTICLE{Ashrafzadeh:2023,
    author = {Ashrafzadeh, S. and Golding, G.~B. and Ilie, S. and Ilie, L.},
    title = {Scoring alignments by embedding vector similarity},
    year = {2023},
    doi = {10.1101/2023.08.30.555602},
}

% Conserved Domain Database - NCBI
@ARTICLE{Marchler-Bauer:2015,
    author = {Marchler-Bauer, A. and Derbyshire, M.~K. and Gonzales, N.~R. and Lu, S. and Chitsaz, F. and Geer, L.~Y. and Geer, R~.C. and He, J. and Gwadz, M. and Hurwitz, D.~I. and Lanczycki, C.~J. and Lu, F. and Marchler, G~.H. and Song, H.~S. and Thanki, N. and Wang, Z. and Yamashita, R.~A. and Zhang, D. and Zheng, C. and Bryant, S.~H.},
    title = {CDD: NCBI's conserved domain database},
    year = {2015},
    doi = {10.1093/nar/gku1221}
}

% NumPy
@Article{Harris:2020,
 title         = {Array programming with {NumPy}},
 author        = {Charles R. Harris and K. Jarrod Millman and St{\'{e}}fan J.
                 van der Walt and Ralf Gommers and Pauli Virtanen and David
                 Cournapeau and Eric Wieser and Julian Taylor and Sebastian
                 Berg and Nathaniel J. Smith and Robert Kern and Matti Picus
                 and Stephan Hoyer and Marten H. van Kerkwijk and Matthew
                 Brett and Allan Haldane and Jaime Fern{\'{a}}ndez del
                 R{\'{i}}o and Mark Wiebe and Pearu Peterson and Pierre
                 G{\'{e}}rard-Marchant and Kevin Sheppard and Tyler Reddy and
                 Warren Weckesser and Hameer Abbasi and Christoph Gohlke and
                 Travis E. Oliphant},
 year          = {2020},
 month         = sep,
 journal       = {Nature},
 volume        = {585},
 number        = {7825},
 pages         = {357--362},
 doi           = {10.1038/s41586-020-2649-2},
 publisher     = {Springer Science and Business Media {LLC}},
}

% SciPy
@ARTICLE{Virtanen:2020,
  author  = {Virtanen, Pauli and Gommers, Ralf and Oliphant, Travis E. and
            Haberland, Matt and Reddy, Tyler and Cournapeau, David and
            Burovski, Evgeni and Peterson, Pearu and Weckesser, Warren and
            Bright, Jonathan and {van der Walt}, St{\'e}fan J. and
            Brett, Matthew and Wilson, Joshua and Millman, K. Jarrod and
            Mayorov, Nikolay and Nelson, Andrew R. J. and Jones, Eric and
            Kern, Robert and Larson, Eric and Carey, C J and
            Polat, {\.I}lhan and Feng, Yu and Moore, Eric W. and
            {VanderPlas}, Jake and Laxalde, Denis and Perktold, Josef and
            Cimrman, Robert and Henriksen, Ian and Quintero, E. A. and
            Harris, Charles R. and Archibald, Anne M. and
            Ribeiro, Ant{\^o}nio H. and Pedregosa, Fabian and
            {van Mulbregt}, Paul and {SciPy 1.0 Contributors}},
  title   = {{{SciPy} 1.0: Fundamental Algorithms for Scientific
            Computing in Python}},
  journal = {Nature Methods},
  year    = {2020},
  volume  = {17},
  pages   = {261--272},
  adsurl  = {https://rdcu.be/b08Wh},
  doi     = {10.1038/s41592-019-0686-2},
}


% Seaborn
@article{Waskom:2021,
    doi = {10.21105/joss.03021},
    year = {2021},
    publisher = {The Open Journal},
    volume = {6},
    number = {60},
    pages = {3021},
    author = {Michael L. Waskom},
    title = {seaborn: statistical data visualization},
    journal = {Journal of Open Source Software}
 }

% Matplotlib
@Article{Hunter:2007,
  Author    = {Hunter, J. D.},
  Title     = {Matplotlib: A 2D graphics environment},
  Journal   = {Computing in Science \& Engineering},
  Volume    = {9},
  Number    = {3},
  Pages     = {90--95},
  abstract  = {Matplotlib is a 2D graphics package used for Python for
  application development, interactive scripting, and publication-quality
  image generation across user interfaces and operating systems.},
  publisher = {IEEE COMPUTER SOC},
  doi       = {10.1109/MCSE.2007.55},
  year      = 2007
}

% Scikit-learn
@article{Pedregosa:2011,
 title={Scikit-learn: Machine Learning in {P}ython},
 author={Pedregosa, F. and Varoquaux, G. and Gramfort, A. and Michel, V.
         and Thirion, B. and Grisel, O. and Blondel, M. and Prettenhofer, P.
         and Weiss, R. and Dubourg, V. and Vanderplas, J. and Passos, A. and
         Cournapeau, D. and Brucher, M. and Perrot, M. and Duchesnay, E.},
 journal={Journal of Machine Learning Research},
 volume={12},
 pages={2825--2830},
 year={2011}
}

% UniProt
@article{UniProt:2023,
    author = {The UniProt Consortium },
    title = "{UniProt: the Universal Protein Knowledgebase in 2023}",
    journal = {Nucleic Acids Research},
    volume = {51},
    number = {D1},
    pages = {D523-D531},
    year = {2022},
    month = {11},
    issn = {0305-1048},
    doi = {10.1093/nar/gkac1052},
}

% BLAST
@article{Atschul:1990,
    author = {Altschul, S.~F. and Gish, W. and Miller, W. and Myers, E.~W. and Lipman, D.~J.},
    title = {Basic local alignment search tool},
    journal = {Journal of molecular biology},
    year = {1990},
    doi = {10.1016/S0022-2836(05)80360-2}
}

% UniRef
@article{Suzek:2007,
    author = {Suzek, Baris E. and Huang, Hongzhan and McGarvey, Peter and Mazumder, Raja and Wu, Cathy H.},
    title = "{UniRef: comprehensive and non-redundant UniProt reference clusters}",
    journal = {Bioinformatics},
    volume = {23},
    number = {10},
    pages = {1282-1288},
    year = {2007},
    issn = {1367-4803},
    doi = {10.1093/bioinformatics/btm098},
}

% Protein Length Distribution
@Article{Nevers:2023,
author={Nevers, Yannis
and Glover, Natasha M.
and Dessimoz, Christophe
and Lecompte, Odile},
title={Protein length distribution is remarkably uniform across the tree of life},
journal={Genome Biology},
year={2023},
volume={24},
number={1},
pages={135},
issn={1474-760X},
doi={10.1186/s13059-023-02973-2},
}

% Language of Proteins in NLP
@article{Ofer:2021,
title = {The language of proteins: NLP, machine learning \& protein sequences},
journal = {Computational and Structural Biotechnology Journal},
volume = {19},
pages = {1750-1758},
year = {2021},
issn = {2001-0370},
doi = {https://doi.org/10.1016/j.csbj.2021.03.022},
author = {Dan Ofer and Nadav Brandes and Michal Linial},
}

% Improve Protein Structure Prediction
@Article{Senior:2020,
author={Senior, Andrew W.
and Evans, Richard
and Jumper, John
and Kirkpatrick, James
and Sifre, Laurent
and Green, Tim
and Qin, Chongli
and {\v{Z}}{\'i}dek, Augustin
and Nelson, Alexander W. R.
and Bridgland, Alex
and Penedones, Hugo
and Petersen, Stig
and Simonyan, Karen
and Crossan, Steve
and Kohli, Pushmeet
and Jones, David T.
and Silver, David
and Kavukcuoglu, Koray
and Hassabis, Demis},
title={Improved protein structure prediction using potentials from deep learning},
journal={Nature},
year={2020},
volume={577},
number={7792},
pages={706-710},
doi={10.1038/s41586-019-1923-7},
}

% Improve Protein Structure Prediction Inter-Residue
@article {Yang:2019,
	author = {Jianyi Yang and Ivan Anishchenko and Hahnbeom Park and Zhenling Peng and Sergey Ovchinnikov and David Baker},
	title = {Improved protein structure prediction using predicted inter-residue orientations},
	elocation-id = {846279},
	year = {2019},
	doi = {10.1101/846279},
	publisher = {Cold Spring Harbor Laboratory},
	journal = {bioRxiv}
}

% AlphaFold
@Article{Jumper:2021,
author={Jumper, John
and Evans, Richard
and Pritzel, Alexander
and Green, Tim
and Figurnov, Michael
and Ronneberger, Olaf
and Tunyasuvunakool, Kathryn
and Bates, Russ
and {\v{Z}}{\'i}dek, Augustin
and Potapenko, Anna
and Bridgland, Alex
and Meyer, Clemens
and Kohl, Simon A. A.
and Ballard, Andrew J.
and Cowie, Andrew
and Romera-Paredes, Bernardino
and Nikolov, Stanislav
and Jain, Rishub
and Adler, Jonas
and Back, Trevor
and Petersen, Stig
and Reiman, David
and Clancy, Ellen
and Zielinski, Michal
and Steinegger, Martin
and Pacholska, Michalina
and Berghammer, Tamas
and Bodenstein, Sebastian
and Silver, David
and Vinyals, Oriol
and Senior, Andrew W.
and Kavukcuoglu, Koray
and Kohli, Pushmeet
and Hassabis, Demis},
title={Highly accurate protein structure prediction with AlphaFold},
journal={Nature},
year={2021},
volume={596},
number={7873},
pages={583-589},
issn={1476-4687},
doi={10.1038/s41586-021-03819-2}
}

% Function Improvement
@article{Kulmanov:2019,
    author = {Kulmanov, Maxat and Hoehndorf, Robert},
    title = "{DeepGOPlus: improved protein function prediction from sequence}",
    journal = {Bioinformatics},
    volume = {36},
    number = {2},
    pages = {422-429},
    year = {2019},
    issn = {1367-4803},
    doi = {10.1093/bioinformatics/btz595},
}

% Structure Prediction
@Article{Gligorijevic:2021,
author={Gligorijevi{\'{c}}, Vladimir
and Renfrew, P. Douglas
and Kosciolek, Tomasz
and Leman, Julia Koehler
and Berenberg, Daniel
and Vatanen, Tommi
and Chandler, Chris
and Taylor, Bryn C.
and Fisk, Ian M.
and Vlamakis, Hera
and Xavier, Ramnik J.
and Knight, Rob
and Cho, Kyunghyun
and Bonneau, Richard},
title={Structure-based protein function prediction using graph convolutional networks},
journal={Nature Communications},
year={2021},
day={26},
volume={12},
number={1},
pages={3168},
issn={2041-1723},
doi={10.1038/s41467-021-23303-9},
}

% Structure Prediction Inter-Residue
@article {Lai:2021,
	author = {Boqiao Lai and Jinbo Xu},
	title = {Accurate Protein Function Prediction via Graph Attention Networks with Predicted Structure Information},
	elocation-id = {2021.06.16.448727},
	year = {2021},
	doi = {10.1101/2021.06.16.448727},
	publisher = {Cold Spring Harbor Laboratory},
	journal = {bioRxiv}
}

% PeptideAtlas
@article{PeptideAtlas:2006,
    author = {Desiere, Frank and Deutsch, Eric W. and King, Nichole L. and Nesvizhskii, Alexey I. and Mallick, Parag and Eng, Jimmy and Chen, Sharon and Eddes, James and Loevenich, Sandra N. and Aebersold, Ruedi},
    title = "{The PeptideAtlas project}",
    journal = {Nucleic Acids Research},
    volume = {34},
    number = {suppl_1},
    pages = {D655-D658},
    year = {2006},
    month = {01},
    issn = {0305-1048},
    doi = {10.1093/nar/gkj040},
}

% Natural vs Artificial Proteins
@article{Lucrezia:2012,
    doi = {10.1371/journal.pone.0036634},
    author = {De Lucrezia, Davide AND Slanzi, Debora AND Poli, Irene AND Polticelli, Fabio AND Minervini, Giovanni},
    journal = {PLOS ONE},
    publisher = {Public Library of Science},
    title = {Do Natural Proteins Differ from Random Sequences Polypeptides? Natural vs. Random Proteins Classification Using an Evolutionary Neural Network},
    year = {2012},
    month = {05},
    volume = {7},
    pages = {1-10},
    number = {5},
}

% Amino Acid Frequency
@article{Beals:1999,
    author = {M. Beals and L. Gross and S. Harrell},
    title = {Amino Acid Frequency},
    url = {https://www.nimbios.org/~gross/bioed/webmodules/aminoacid.htm},
    year = {1999}
}

% Secondary Structure Prediction
@Article{Ma:2018,
author={Ma, Yuming
and Liu, Yihui
and Cheng, Jinyong},
title={Protein Secondary Structure Prediction Based on Data Partition and Semi-Random Subspace Method},
journal={Scientific Reports},
year={2018},
day={29},
volume={8},
number={1},
pages={9856},
issn={2045-2322},
doi={10.1038/s41598-018-28084-8},
}

% NLP
@Article{Khurana:2023,
author={Khurana, Diksha
and Koli, Aditya
and Khatter, Kiran
and Singh, Sukhdev},
title={Natural language processing: state of the art, current trends and challenges},
journal={Multimedia Tools and Applications},
year={2023},
day={01},
volume={82},
number={3},
pages={3713-3744},
issn={1573-7721},
doi={10.1007/s11042-022-13428-4},
}

% Word2Vec
@misc{Mikolov:2013,
      title={Efficient Estimation of Word Representations in Vector Space}, 
      author={Tomas Mikolov and Kai Chen and Greg Corrado and Jeffrey Dean},
      year={2013},
      eprint={1301.3781},
      archivePrefix={arXiv},
      primaryClass={cs.CL}
}

% GloVe
@inproceedings{Pennington:2014,
    title = "{G}lo{V}e: Global Vectors for Word Representation",
    author = "Pennington, Jeffrey  and
      Socher, Richard  and
      Manning, Christopher",
    editor = "Moschitti, Alessandro  and
      Pang, Bo  and
      Daelemans, Walter",
    booktitle = "Proceedings of the 2014 Conference on Empirical Methods in Natural Language Processing ({EMNLP})",
    year = "2014",
    address = "Doha, Qatar",
    publisher = "Association for Computational Linguistics",
    doi = "10.3115/v1/D14-1162",
    pages = "1532--1543",
}

% GLUE
@misc{Wang:2019,
      title={GLUE: A Multi-Task Benchmark and Analysis Platform for Natural Language Understanding}, 
      author={Alex Wang and Amanpreet Singh and Julian Michael and Felix Hill and Omer Levy and Samuel R. Bowman},
      year={2019},
      eprint={1804.07461},
      archivePrefix={arXiv},
      primaryClass={cs.CL}
}