% Attention is all you need - Transformers
@ARTICLE{Vaswani:2017,
    author = {Vaswani, A. and Shazeer, N. and Parmar, N. and Uszkoreit, J. and Jones, L. and Gomez, A.~N. and Kaiser, L. and Polosukhin, I.},
    title = {Attention is all you need},
    year = {2017},
    doi = {10.48550/arXiv.1706.03762}
}

% ELMo
@ARTICLE{Peters:2018,
    author = {Peters, M.~E. and Neumann, M. and Iyyer, M. and Gardner, M. and Clark, C. and Lee, K. and Zettlemoyer, L.},
    title = {Deep contextualized word representations},
    year = {2018},
    doi = {10.48550/arXiv.1802.05365},
}

% BERT
@ARTICLE{Devlin:2018,
    author = {Devlin, J. and Chang, M.~W. and Lee, K. and Toutanova, K.},
    title = {Bert: Pre-training of deep bidirectional transformers for language understanding},
    year = {2018},
    doi = {10.48550/arXiv.1810.04805},
}

% RoBERTa
@ARTICLE{Liu:2019,
    author = {Liu, Y. and Ott, M. and Goyal, N. and Du, J. and Joshi, M. and Chen, D. and Levy, O. and Lewis, M. and Zettlemoyer, L. and Stoyanov, V.},
    title = {Roberta: A robustly optimized bert pretraining approach},
    year = {2019},
    doi = {10.48550/arXiv.1907.11692},
}

% XLNet
@ARTICLE{Yang:2022,
    author = {Yang, Z. and Dai, Z. and Yang, Y. and Carbonell, J. and Salakhutdinov, R.~R. and Le, Q.~V.},
    title = {XLNet: Generalized autoregressive pretraining for language understanding},
    journal = {Advances in neural information processing systems},
    year = {2019},
    doi = {10.48550/arXiv.1906.08237},
}

% T5
@ARTICLE{Raffel:2020,
    author = {Raffel, C. and Shazeer, N. and Roberts, A. and Lee, K. and Narang, S. and Matena, M. and Zhou, Y. and Li, W. and Liu, P.~J.},
    title = {Exploring the limits of transfer learning with a unified text-to-text transformer},
    year = {2020},
    doi = {10.48550/arXiv.1910.10683}
}

% ProtTrans
@ARTICLE{Elnaggar:2021,
    author={Elnaggar, A. and Heinzinger, M. and Dallago, C. and Rehawi, G. and Yu, W. and Jones, L. and Gibbs, T. and Feher, T. and Angerer, C. and Steinegger, M. and Bhowmik, D. and Rost, B.},
    title={ProtTrans: Towards Cracking the Language of Lifes Code Through Self-Supervised Deep Learning and High Performance Computing},
    journal={IEEE Transactions on Pattern Analysis and Machine Intelligence},
    year={2021},
    doi={10.1109/TPAMI.2021.3095381}
}

% BLOSUM
@ARTICLE{Henikoff:1992,
    author = {Henikoff, S. and Henikoff, J.~G.},
    title = {Amino acid substitution matrices from protein blocks},
    journal = {Proceedings of the National Academy of Sciences},
    year = {1992},
    doi = {10.1073/pnas.89.22.10915},
}

% ESM1b and ESM2
@article{Rives:2021,
    author={Rives, A. and Meier, J. and Sercu, T. and Goyal, S. and Lin, Z. and Liu, J. and Guo, D. and Ott, M. and Zitnick, C. L. and Ma, J. and Fergus, R.},
    title={Biological Structure and Function Emerge from Scaling Unsupervised Learning to 250 Million Protein Sequences},
    journal={PNAS},
    year={2019},
    doi={10.1101/622803},
}

% E-Score Manuscript
@ARTICLE{Ashrafzadeh:2023,
    author = {Ashrafzadeh, S. and Golding, G.~B. and Ilie, L.},
    title = {Scoring alignments by embedding vector similarity},
    year = {2023},
    doi = {10.1101/2023.08.30.555602},
}

% Conserved Domain Database - NCBI
@ARTICLE{Marchler-Bauer:2015,
    author = {Marchler-Bauer, A. and Derbyshire, M.~K. and Gonzales, N.~R. and Lu, S. and Chitsaz, F. and Geer, L.~Y. and Geer, R~.C. and He, J. and Gwadz, M. and Hurwitz, D.~I. and Lanczycki, C.~J. and Lu, F. and Marchler, G~.H. and Song, H.~S. and Thanki, N. and Wang, Z. and Yamashita, R.~A. and Zhang, D. and Zheng, C. and Bryant, S.~H.},
    title = {CDD: NCBI's conserved domain database},
    year = {2015},
    doi = {10.1093/nar/gku1221}
}

% NumPy
@Article{Harris:2020,
 title         = {Array programming with {NumPy}},
 author        = {Charles R. Harris and K. Jarrod Millman and St{\'{e}}fan J.
                 van der Walt and Ralf Gommers and Pauli Virtanen and David
                 Cournapeau and Eric Wieser and Julian Taylor and Sebastian
                 Berg and Nathaniel J. Smith and Robert Kern and Matti Picus
                 and Stephan Hoyer and Marten H. van Kerkwijk and Matthew
                 Brett and Allan Haldane and Jaime Fern{\'{a}}ndez del
                 R{\'{i}}o and Mark Wiebe and Pearu Peterson and Pierre
                 G{\'{e}}rard-Marchant and Kevin Sheppard and Tyler Reddy and
                 Warren Weckesser and Hameer Abbasi and Christoph Gohlke and
                 Travis E. Oliphant},
 year          = {2020},
 month         = sep,
 journal       = {Nature},
 volume        = {585},
 number        = {7825},
 pages         = {357--362},
 doi           = {10.1038/s41586-020-2649-2},
 publisher     = {Springer Science and Business Media {LLC}},
 url           = {https://doi.org/10.1038/s41586-020-2649-2}
}

% SciPy
@ARTICLE{Virtanen:2020,
  author  = {Virtanen, Pauli and Gommers, Ralf and Oliphant, Travis E. and
            Haberland, Matt and Reddy, Tyler and Cournapeau, David and
            Burovski, Evgeni and Peterson, Pearu and Weckesser, Warren and
            Bright, Jonathan and {van der Walt}, St{\'e}fan J. and
            Brett, Matthew and Wilson, Joshua and Millman, K. Jarrod and
            Mayorov, Nikolay and Nelson, Andrew R. J. and Jones, Eric and
            Kern, Robert and Larson, Eric and Carey, C J and
            Polat, {\.I}lhan and Feng, Yu and Moore, Eric W. and
            {VanderPlas}, Jake and Laxalde, Denis and Perktold, Josef and
            Cimrman, Robert and Henriksen, Ian and Quintero, E. A. and
            Harris, Charles R. and Archibald, Anne M. and
            Ribeiro, Ant{\^o}nio H. and Pedregosa, Fabian and
            {van Mulbregt}, Paul and {SciPy 1.0 Contributors}},
  title   = {{{SciPy} 1.0: Fundamental Algorithms for Scientific
            Computing in Python}},
  journal = {Nature Methods},
  year    = {2020},
  volume  = {17},
  pages   = {261--272},
  adsurl  = {https://rdcu.be/b08Wh},
  doi     = {10.1038/s41592-019-0686-2},
}


% Seaborn
@article{Waskom:2021,
    doi = {10.21105/joss.03021},
    url = {https://doi.org/10.21105/joss.03021},
    year = {2021},
    publisher = {The Open Journal},
    volume = {6},
    number = {60},
    pages = {3021},
    author = {Michael L. Waskom},
    title = {seaborn: statistical data visualization},
    journal = {Journal of Open Source Software}
 }

% Matplotlib
@Article{Hunter:2007,
  Author    = {Hunter, J. D.},
  Title     = {Matplotlib: A 2D graphics environment},
  Journal   = {Computing in Science \& Engineering},
  Volume    = {9},
  Number    = {3},
  Pages     = {90--95},
  abstract  = {Matplotlib is a 2D graphics package used for Python for
  application development, interactive scripting, and publication-quality
  image generation across user interfaces and operating systems.},
  publisher = {IEEE COMPUTER SOC},
  doi       = {10.1109/MCSE.2007.55},
  year      = 2007
}

% Scikit-learn
@article{Pedregosa:2011,
 title={Scikit-learn: Machine Learning in {P}ython},
 author={Pedregosa, F. and Varoquaux, G. and Gramfort, A. and Michel, V.
         and Thirion, B. and Grisel, O. and Blondel, M. and Prettenhofer, P.
         and Weiss, R. and Dubourg, V. and Vanderplas, J. and Passos, A. and
         Cournapeau, D. and Brucher, M. and Perrot, M. and Duchesnay, E.},
 journal={Journal of Machine Learning Research},
 volume={12},
 pages={2825--2830},
 year={2011}
}